% Encoding: UTF-8

 @article{Sander1978, title={Beitrag zur Schaffung eines mathematischen Modells für die Berechnung der Breitung der Walzkräfte, des Umformmomentes, des Temperaturverlaufs und des Streckgrades beim Warmwalzen in Streckkaliberreihen}, volume={23}, number={1}, journal={Neue Hütte}, author={Sander, U.}, year={1978}, pages={36–37} }

